<?xml version="1.0" encoding="UTF-8"?><collection xmlns="http://www.loc.gov/MARC21/slim"><record><leader>00508nam--2200181-u-4500</leader><controlfield tag="001">000052681</controlfield><controlfield tag="002">20161230</controlfield><controlfield tag="005">20161230201050</controlfield><controlfield tag="008">101002s1000------------r-----000-0-rus-d</controlfield><datafield ind1=" " ind2=" " tag="040"><subfield code="a">IFIN-HH</subfield></datafield><datafield ind1=" " ind2=" " tag="041"><subfield code="a">rus</subfield></datafield><datafield ind1=" " ind2=" " tag="080"><subfield code="a">533.9.082</subfield></datafield><datafield ind1="1" ind2=" " tag="100" /><datafield ind1="1" ind2="0" tag="245"><subfield code="a">Nekotorie voprosi tehniki fiziceskogo eksperimenta pri issledovanii gazovogo razriada</subfield><subfield code="b">Naucino-tehniceskii sbornik. vipusk tretii</subfield></datafield><datafield ind1=" " ind2=" " tag="260"><subfield code="a">Moskva</subfield><subfield code="b">Atomizdat</subfield><subfield code="c">1961</subfield></datafield><datafield ind1=" " ind2=" " tag="300"><subfield code="a">121p</subfield></datafield><datafield ind1=" " ind2=" " tag="852"><subfield code="a">77187</subfield><subfield code="c">533.9</subfield></datafield><datafield ind1=" " ind2=" " tag="CAT"><subfield code="a">Sys</subfield><subfield code="c">20101002</subfield><subfield code="h">144949</subfield></datafield></record></collection>